@TECHREPORT{ncl.abnt,
    author  = "{Norma ABNT NBR 15606-2:2007}",
    title   = "Digital terrestrial television---{D}ata coding and transmission
               specification for digital broadcasting---{P}art 2: Ginga-{NCL} for
               fixed and mobile receivers---{XML} application language for
               application coding",
    institution = "ABNT",
    year    = "2008",
}
%author  = "Luiz Fernando Gomes Soares and others",

@TECHREPORT{ncl.itu,
    author  = "{ITU-T Rec. H.761}",
    title   = "{Nested Context Language (NCL) and Ginga-NCL for IPTV Services}",
    institution = "ITU",
    year    = "2012",
    address = "Geneva",
}

@TECHREPORT{iea.data,
    author = "{OECD/IEA}",
    title  = "More Data Less Energy---{M}aking Network Standby More Efficient in Billions of Connected Devices",
    institution = "International Energy Agency",
    year = "2014",
}

@TECHREPORT{ietf.eman,
    author      ={Tychon, Emmanuel and Schoening, Brad and Chandramouli, Mouli and Nordman, Bruce},
    title       = {Energy Management ({EMAN}) Applicability Statement},
    institution = {IETF},
    year        = {2011},
}
%journal={draft-tychon-eman-applicability-statement-04. txt, work in progress},

@article{energystar,
  title={Status and future directions of the {ENERGY STAR} program},
  author={Brown, Rich and Webber, Carrie and Koomey, Jonathan G},
  journal={Energy},
  volume={27},
  number={5},
  pages={505--520},
  year={2002},
  publisher={Elsevier}
}

@techreport{aceee.1,
    title={A defining framework for Intelligent efficiency},
    author={Elliott, R Neal and Molina, Maggie and Trombley, Dan},
    year={2012},
    number={E125},
    institution={American Council for an Energy-Efficient Economy ({ACEEE})},
}


@techreport{aceee.2,
    title={Intelligent efficiency: opportunities, barriers, and solutions},
    author={Rogers, Ethan A and Elliott, R Neal and Kwatra, Sameer and Trombley, Dan and Nadadur, Vasanth},
    institution={American Council for an Energy-Efficient Economy ({ACEEE})},
    number={E13J},
    year={2013},
}

@article{es.c,
  title={Real men program in {C}},
  author={Barr, Michael},
  journal={Embedded Systems Design},
  volume={22},
  number={7},
  pages={3},
  year={2009}
}

@article{wsn.tos,
 key = "Hill00",
 author = { Jason Hill and Robert Szewczyk and Alec Woo and Seth Hollar and David Culler and Kristofer Pister },
 title = {System architecture directions for networked sensors},
 journal = {SIGPLAN Notices},
 volume = {35},
 issue = {11},
 month = {November},
 year = {2000},
 pages = {93--104},
 numpages = {12},
 acmid = {356998},
 publisher = {ACM},
 address = {New York, NY, USA},
}
%author = {Hill and others},

@article{wsn.tos.2,
  title={TinyOS: An operating system for sensor networks},
  author={Levis, Philip and Madden, Sam and Polastre, Joseph and Szewczyk, Robert and Whitehouse, Kamin and Woo, Alec and Gay, David and Hill, Jason and Welsh, Matt and Brewer, Eric and others},
  journal={Ambient intelligence},
  volume={35},
  pages={115--148},
  year={2005},
  publisher={Springer}
}

@inproceedings{wsn.contiki,
 key = "Dunkels04",
 author = {Dunkels and others},
 title = {Contiki - A Lightweight and Flexible Operating System for Tiny 
 Networked Sensors},
 booktitle = {Proceedings of LCN'04},
 year = {2004},
 pages = {455--462},
 numpages = {8},
 acmid = {1034117},
 publisher = {IEEE Computer Society},
 address = {Washington, DC, USA},
}

@inproceedings{wsn.protothreads,
 key = "Dunkels06",
 author = { Adam Dunkels and Oliver Schmidt and Thiemo Voigt and Muneeb Ali },
 title = {Protothreads: simplifying event-driven programming of memory-constrained embedded systems},
 booktitle = {Proceedings of SenSys'06},
 year = {2006},
 pages = {29--42},
 publisher = {ACM},
 keywords = {embedded systems, threads, wireless sensor networks},
}

@INPROCEEDINGS{wsn.nesc,
    key = "Gay03",
    author = {David Gay and Philip Levis and Robert von Behren and Matt Welsh and Eric Brewer and David Culler},
    title = {The nes{C} Language: A Holistic Approach to Networked Embedded Systems},
    booktitle = {Proceedings of PLDI'03},
    year = {2003},
    pages = {1--11},
}

@inproceedings{wsn.decade,
 key = "Levis12",
 author = {Levis, Philip},
 title = {Experiences from a decade of {T}iny{OS} development},
 booktitle = {Proceedings of OSDI'12},
 pages = {207--220},
 publisher = {USENIX Association},
 address = {Berkeley, CA, USA},
 year = 2012,
} 

@inproceedings{wsn.riot,
  title={RIOT OS: Towards an OS for the Internet of Things},
  author={Baccelli, Emmanuel and Hahm, Oliver and Gunes, Mesut and Wahlisch, Matthias and Schmidt, Thomas C},
  booktitle={Computer Communications Workshops (INFOCOM WKSHPS), 2013 IEEE Conference on},
  pages={79--80},
  year={2013},
  organization={IEEE}
}

@article{wsn.energy,
 author = {Anastasi, Giuseppe and Conti, Marco and Di Francesco, Mario and Passarella, Andrea},
 title = {Energy Conservation in Wireless Sensor Networks: A Survey},
 journal = {Ad Hoc Netw.},
 issue_date = {May, 2009},
 volume = {7},
 number = {3},
 month = may,
 year = {2009},
 issn = {1570-8705},
 pages = {537--568},
 numpages = {32},
 url = {http://dx.doi.org/10.1016/j.adhoc.2008.06.003},
 doi = {10.1016/j.adhoc.2008.06.003},
 acmid = {1465996},
 publisher = {Elsevier Science Publishers B. V.},
 address = {Amsterdam, The Netherlands, The Netherlands},
 keywords = {Energy efficiency, Power management, Survey, Wireless sensor networks},
} 

@INPROCEEDINGS{rp.twelve,
    key = "Beneviste03",
    author = {Albert Benveniste and Paul Caspi and Stephen A. Edwards and Nicolas Halbwachs and Paul Le Guernic and Robert De Simone},
    title = {The synchronous languages twelve years later},
    booktitle = {Proceedings of the IEEE},
    year = {2003},
    month={Jan},
    volume={91},
    pages = {64--83}
}

@article{iot.energy.1,
 author = {Jammes, Francois},
 title = {Internet of Things in Energy Efficiency: The Internet of Things ({U}biquity {S}ymposium)},
 journal = {Ubiquity},
 issue_date = {February 2016},
 volume = {2016},
 number = {February},
 month = feb,
 year = {2016},
 issn = {1530-2180},
 pages = {2:1--2:8},
 articleno = {2},
 numpages = {8},
 url = {http://doi.acm.org/10.1145/2822887},
 doi = {10.1145/2822887},
 acmid = {2822887},
 publisher = {ACM},
 address = {New York, NY, USA},
} 

@techreport{iot.energy.2,
  title={Wireless connectivity for the Internet of Things},
  author={Reiter, Gil},
  year={2014},
  institution={Texas Instruments},
}

@article{c.unsafe,
 author = {Dhurjati, Dinakar and Kowshik, Sumant and Adve, Vikram and Lattner, Chris},
 title = {Memory Safety Without Runtime Checks or Garbage Collection},
 journal = {SIGPLAN Not.},
 issue_date = {July 2003},
 volume = {38},
 number = {7},
 month = jun,
 year = {2003},
 issn = {0362-1340},
 pages = {69--80},
 numpages = {12},
 url = {http://doi.acm.org/10.1145/780731.780743},
 doi = {10.1145/780731.780743},
 acmid = {780743},
 publisher = {ACM},
 address = {New York, NY, USA},
 keywords = {automatic pool allocation, compilers, embedded systems, programming languages, region management, security, static analysis},
} 

@inproceedings{rust.theft,
  title={Ownership is theft: experiences building an embedded OS in rust},
  author={Levy, Amit and Andersen, Michael P and Campbell, Bradford and Culler, David and Dutta, Prabal and Ghena, Branden and Levis, Philip and Pannuto, Pat},
  booktitle={Proceedings of the 8th Workshop on Programming Languages and Operating Systems},
  pages={21--26},
  year={2015},
  organization={ACM}
}

@inproceedings{os.odyssey.1,
 author = {Flinn, Jason and Satyanarayanan, M.},
 title = {Energy-aware Adaptation for Mobile Applications},
 booktitle = {Proceedings of the Seventeenth ACM Symposium on Operating Systems Principles},
 series = {SOSP '99},
 year = {1999},
 isbn = {1-58113-140-2},
 location = {Charleston, South Carolina, USA},
 pages = {48--63},
 numpages = {16},
 url = {http://doi.acm.org/10.1145/319151.319155},
 doi = {10.1145/319151.319155},
 acmid = {319155},
 publisher = {ACM},
 address = {New York, NY, USA},
}

@article{os.ecosystem,
 author = {Zeng, Heng and Ellis, Carla S. and Lebeck, Alvin R. and Vahdat, Amin},
 title = {ECOSystem: Managing Energy As a First Class Operating System Resource},
 journal = {SIGARCH Comput. Archit. News},
 issue_date = {December 2002},
 volume = {30},
 number = {5},
 month = oct,
 year = {2002},
 issn = {0163-5964},
 pages = {123--132},
 numpages = {10},
 url = {http://doi.acm.org/10.1145/635506.605411},
 doi = {10.1145/635506.605411},
 acmid = {605411},
 publisher = {ACM},
 address = {New York, NY, USA},
}

@article{os.odyssey.2,
 author = {Flinn, Jason and Satyanarayanan, M.},
 title = {Managing Battery Lifetime with Energy-aware Adaptation},
 journal = {ACM Trans. Comput. Syst.},
 issue_date = {May 2004},
 volume = {22},
 number = {2},
 month = may,
 year = {2004},
 issn = {0734-2071},
 pages = {137--179},
 numpages = {43},
 url = {http://doi.acm.org/10.1145/986533.986534},
 doi = {10.1145/986533.986534},
 acmid = {986534},
 publisher = {ACM},
 address = {New York, NY, USA},
 keywords = {Power management, adaptation},
}

@inproceedings{os.jouleguard,
 author = {Hoffmann, Henry},
 title = {JouleGuard: Energy Guarantees for Approximate Applications},
 booktitle = {Proceedings of the 25th Symposium on Operating Systems Principles},
 series = {SOSP '15},
 year = {2015},
 isbn = {978-1-4503-3834-9},
 location = {Monterey, California},
 pages = {198--214},
 numpages = {17},
 url = {http://doi.acm.org/10.1145/2815400.2815403},
 doi = {10.1145/2815400.2815403},
 acmid = {2815403},
 publisher = {ACM},
 address = {New York, NY, USA},
 keywords = {adaptive software, control theory, dynamic systems},
}

@article{rust.os,
  title={The Case for Writing a Kernel in Rust},
  author={Levy, Amit and Campbell, Bradford and Ghena, Branden and Pannuto, Pat and Dutta, Prabal and Levis, Philip},
  year={2017}
}

@inproceedings{lang.eon,
 author = {Sorber, Jacob and Kostadinov, Alexander and Garber, Matthew and Brennan, Matthew and Corner, Mark D. and Berger, Emery D.},
 title = {Eon: A Language and Runtime System for Perpetual Systems},
 booktitle = {Proceedings of the 5th International Conference on Embedded Networked Sensor Systems},
 series = {SenSys '07},
 year = {2007},
 isbn = {978-1-59593-763-6},
 location = {Sydney, Australia},
 pages = {161--174},
 numpages = {14},
 url = {http://doi.acm.org/10.1145/1322263.1322279},
 doi = {10.1145/1322263.1322279},
 acmid = {1322279},
 publisher = {ACM},
 address = {New York, NY, USA},
 keywords = {coordination languages, embedded systems, energy harvesting, energy management},
}

@inproceedings{lang.green,
 author = {Baek, Woongki and Chilimbi, Trishul M.},
 title = {Green: A Framework for Supporting Energy-conscious Programming Using Controlled Approximation},
 booktitle = {Proceedings of the 31st ACM SIGPLAN Conference on Programming Language Design and Implementation},
 series = {PLDI '10},
 year = {2010},
 isbn = {978-1-4503-0019-3},
 location = {Toronto, Ontario, Canada},
 pages = {198--209},
 numpages = {12},
 url = {http://doi.acm.org/10.1145/1806596.1806620},
 doi = {10.1145/1806596.1806620},
 acmid = {1806620},
 publisher = {ACM},
 address = {New York, NY, USA},
 keywords = {controlled approximation, energy-conscious programming},
}

@article{lang.enerj,
 author = {Sampson, Adrian and Dietl, Werner and Fortuna, Emily and Gnanapragasam, Danushen and Ceze, Luis and Grossman, Dan},
 title = {EnerJ: Approximate Data Types for Safe and General Low-power Computation},
 journal = {SIGPLAN Not.},
 issue_date = {June 2011},
 volume = {46},
 number = {6},
 month = jun,
 year = {2011},
 issn = {0362-1340},
 pages = {164--174},
 numpages = {11},
 url = {http://doi.acm.org/10.1145/1993316.1993518},
 doi = {10.1145/1993316.1993518},
 acmid = {1993518},
 publisher = {ACM},
 address = {New York, NY, USA},
 keywords = {accuracy-aware computing, critical data, energy, power-aware computing, soft errors},
}

@inproceedings{lang.energytypes,
 author = {Cohen, Michael and Zhu, Haitao Steve and Senem, Emgin Ezgi and Liu, Yu David},
 title = {Energy Types},
 booktitle = {Proceedings of the ACM International Conference on Object Oriented Programming Systems Languages and Applications},
 series = {OOPSLA '12},
 year = {2012},
 isbn = {978-1-4503-1561-6},
 location = {Tucson, Arizona, USA},
 pages = {831--850},
 numpages = {20},
 url = {http://doi.acm.org/10.1145/2384616.2384676},
 doi = {10.1145/2384616.2384676},
 acmid = {2384676},
 publisher = {ACM},
 address = {New York, NY, USA},
 keywords = {energy efficiency, energy-aware software, type systems},
}

@inproceedings{lang.lab,
 author = {Kansal, Aman and Saponas, Scott and Brush, A.J. Bernheim and McKinley, Kathryn S. and Mytkowicz, Todd and Ziola, Ryder},
 title = {The Latency, Accuracy, and Battery (LAB) Abstraction: Programmer Productivity and Energy Efficiency for Continuous Mobile Context Sensing},
 booktitle = {Proceedings of the 2013 ACM SIGPLAN International Conference on Object Oriented Programming Systems Languages \&\#38; Applications},
 series = {OOPSLA '13},
 year = {2013},
 isbn = {978-1-4503-2374-1},
 location = {Indianapolis, Indiana, USA},
 pages = {661--676},
 numpages = {16},
 url = {http://doi.acm.org/10.1145/2509136.2509541},
 doi = {10.1145/2509136.2509541},
 acmid = {2509541},
 publisher = {ACM},
 address = {New York, NY, USA},
 keywords = {mobile sensing, sensor api},
}

@inproceedings{lang.flexjava,
 author = {Park, Jongse and Esmaeilzadeh, Hadi and Zhang, Xin and Naik, Mayur and Harris, William},
 title = {FlexJava: Language Support for Safe and Modular Approximate Programming},
 booktitle = {Proceedings of the 2015 10th Joint Meeting on Foundations of Software Engineering},
 series = {ESEC/FSE 2015},
 year = {2015},
 isbn = {978-1-4503-3675-8},
 location = {Bergamo, Italy},
 pages = {745--757},
 numpages = {13},
 url = {http://doi.acm.org/10.1145/2786805.2786807},
 doi = {10.1145/2786805.2786807},
 acmid = {2786807},
 publisher = {ACM},
 address = {New York, NY, USA},
 keywords = {Language design, modular approximate programming},
}

@inproceedings{lang.gradual,
 author = {Canino, Anthony},
 title = {Gradual Mode Types for Energy-aware Programming},
 booktitle = {Companion Proceedings of the 2015 ACM SIGPLAN International Conference on Systems, Programming, Languages and Applications: Software for Humanity},
 series = {SPLASH Companion 2015},
 year = {2015},
 isbn = {978-1-4503-3722-9},
 location = {Pittsburgh, PA, USA},
 pages = {79--80},
 numpages = {2},
 url = {http://doi.acm.org/10.1145/2814189.2815368},
 doi = {10.1145/2814189.2815368},
 acmid = {2815368},
 publisher = {ACM},
 address = {New York, NY, USA},
 keywords = {Energy Efficiency, Energy-Aware Software, Type Systems},
}

@inproceedings{lang.greenweb,
 author = {Zhu, Yuhao and Reddi, Vijay Janapa},
 title = {GreenWeb: Language Extensions for Energy-efficient Mobile Web Computing},
 booktitle = {Proceedings of the 37th ACM SIGPLAN Conference on Programming Language Design and Implementation},
 series = {PLDI '16},
 year = {2016},
 isbn = {978-1-4503-4261-2},
 location = {Santa Barbara, CA, USA},
 pages = {145--160},
 numpages = {16},
 url = {http://doi.acm.org/10.1145/2908080.2908082},
 doi = {10.1145/2908080.2908082},
 acmid = {2908082},
 publisher = {ACM},
 address = {New York, NY, USA},
 keywords = {Energy-efficiency, Mobile computing, Web},
} 

@inproceedings{lang.ent,
 author = {Canino, Anthony and Liu, Yu David},
 title = {Proactive and Adaptive Energy-aware Programming with Mixed Typechecking},
 booktitle = {Proceedings of the 38th ACM SIGPLAN Conference on Programming Language Design and Implementation},
 series = {PLDI 2017},
 year = {2017},
 isbn = {978-1-4503-4988-8},
 location = {Barcelona, Spain},
 pages = {217--232},
 numpages = {16},
 url = {http://doi.acm.org/10.1145/3062341.3062356},
 doi = {10.1145/3062341.3062356},
 acmid = {3062356},
 publisher = {ACM},
 address = {New York, NY, USA},
 keywords = {Energy Efficiency, Energy-Aware Programming, Type systems},
} 

%%%%%%%%%%%%%%%%%%%%%%%%%%%%%%%%%%%%%%%%%%%%%%%%%%%%%%%%%%%%%%%%%%%%%%%%%%%%%%%

@manual{arduino.atmega328p,
  title={ATmega328P Datasheet},
  author={Atmel},
  year={2011}
}

@article{arduino.infra,
  title={Controlling physical objects via the internet using the arduino platform over 802.15. 4 networks},
  author={Georgitzikis, Vasileios and Akribopoulos, Orestis and Chatzigiannakis, Ioannis},
  journal={IEEE Latin America Transactions},
  volume={10},
  number={3},
  pages={1686--1689},
  year={2012},
  publisher={IEEE}
}

@inproceedings{arduino.health,
  title={Bringing IoT and cloud computing towards pervasive healthcare},
  author={Doukas, Charalampos and Maglogiannis, Ilias},
  booktitle={Innovative Mobile and Internet Services in Ubiquitous Computing (IMIS), 2012 Sixth International Conference on},
  pages={922--926},
  year={2012},
  organization={IEEE}
}

@inproceedings{arduino.home,
  title={Mobile based home automation using Internet of Things (IoT)},
  author={Mandula, Kumar and Parupalli, Ramu and Murty, CH AS and Magesh, E and Lunagariya, Rutul},
  booktitle={Control, Instrumentation, Communication and Computational Technologies (ICCICCT), 2015 International Conference on},
  pages={340--343},
  year={2015},
  organization={IEEE}
}

@inproceedings{arduino.energy,
  title={Energino: A hardware and software solution for energy consumption monitoring},
  author={Gomez, Karina and Riggio, Roberto and Rasheed, Tinku and Miorandi, Daniele and Granelli, Fabrizio},
  booktitle={Modeling and Optimization in Mobile, Ad Hoc and Wireless Networks (WiOpt), 2012 10th International Symposium on},
  pages={311--317},
  year={2012},
  organization={IEEE}
}

@inproceedings{arduino.edu.1,
 author = {Buechley, Leah and Eisenberg, Mike and Catchen, Jaime and Crockett, Ali},
 title = {The LilyPad Arduino: Using Computational Textiles to Investigate Engagement, Aesthetics, and Diversity in Computer Science Education},
 booktitle = {Proceedings of the SIGCHI Conference on Human Factors in Computing Systems},
 series = {CHI '08},
 year = {2008},
 isbn = {978-1-60558-011-1},
 location = {Florence, Italy},
 pages = {423--432},
 numpages = {10},
 url = {http://doi.acm.org/10.1145/1357054.1357123},
 doi = {10.1145/1357054.1357123},
 acmid = {1357123},
 publisher = {ACM},
 address = {New York, NY, USA},
 keywords = {computational textiles, construction kits., e-textiles, electronic textiles, lilypad arduino, smart textiles, wearable computing},
}

@article{arduino.edu.2,
 author = {Brock, J. Dean and Bruce, Rebecca F. and Reiser, Susan L.},
 title = {Using Arduino for Introductory Programming Courses},
 journal = {J. Comput. Sci. Coll.},
 issue_date = {December 2009},
 volume = {25},
 number = {2},
 month = dec,
 year = {2009},
 issn = {1937-4771},
 pages = {129--130},
 numpages = {2},
 url = {http://dl.acm.org/citation.cfm?id=1629036.1629057},
 acmid = {1629057},
 publisher = {Consortium for Computing Sciences in Colleges},
 address = {USA},
} 

@inproceedings{arduino.edu.3,
  title={Lab kits using the Arduino prototyping platform},
  author={Sarik, John and Kymissis, Ioannis},
  booktitle={Frontiers in Education Conference (FIE), 2010 IEEE},
  pages={T3C--1},
  year={2010},
  organization={IEEE}
}

@article{arduino.edu.4,
  title={Arduino for teaching embedded systems. are computer scientists and engineering educators missing the boat?},
  author={Jamieson, Peter},
  journal={Proc. FECS},
  volume={289294},
  year={2010}
}

%%%%%%%%%%%%%%%%%%%%%%%%%%%%%%%%%%%%%%%%%%%%%%%%%%%%%%%%%%%%%%%%%%%%%%%%%%%%%%%

@article{esterel.ieee91,
	key = "Boussinot",
    author={Boussinot, Fr{\'e}d{\'e}ric and De Simone, Robert},
	citeulike-article-id = {885590},
	journal = {Proceedings of the IEEE},
	keywords = {sdf},
	number = {9},
	pages = {1293-1304},
	posted-at = {2006-10-05 22:09:45},
	priority = {2},
    title = {The {E}sterel language},
    volume = {79},
	year = {1991},
	month={Sep},
}

%%%%%%%%%%%%%%%%%%%%%%%%%%%%%%%%%%%%%%%%%%%%%%%%%%%%%%%%%%%%%%%%%%%%%%%%%%%%%%%

@inproceedings{sync_async.cooperative,
 key = "Adya02",
 author = {Adya, Atul and Howell, Jon and Theimer, Marvin and Bolosky, William J. and Douceur, John R.},
 title = {Cooperative Task Management Without Manual Stack Management},
 booktitle = {Proceedings of ATEC'02},
 year = {2002},
 pages = {289--302},
 publisher = {USENIX Association},
 }
% address = {Berkeley, CA, USA},
% booktitle = {ATEC '02: Proceedings of the General Track of the annual 
% conference on USENIX Annual Technical Conference},

@techreport{rp.deprecating,
  title={Deprecating the observer pattern},
  author={Maier, Ingo and Rompf, Tiark and Odersky, Martin},
  year={2010}
}

@misc{rp.goto,
    author = "Miguel de Icaza",
    title  = "Callbacks as our Generations' Go To Statement",
    year   = "2013",
    howpublished = {\url{http://tirania.org/blog/archive/2013/Aug-15.html} (accessed in Aug-2014)},
}

@inproceedings{frp.rx,
 author = {Meijer, Erik},
 title = {Reactive extensions (Rx): curing your asynchronous programming blues},
 booktitle = {ACM SIGPLAN Commercial Users of Functional Programming},
 series = {CUFP '10},
 year = {2010},
 isbn = {978-1-4503-0516-7},
 location = {Baltimore, Maryland},
 pages = {11:1--11:1},
 articleno = {11},
 numpages = {1},
 url = {http://doi.acm.org/10.1145/1900160.1900173},
 doi = {10.1145/1900160.1900173},
 acmid = {1900173},
 publisher = {ACM},
 address = {New York, NY, USA},
}

%%%%%%%%%%%%%%%%%%%%%%%%%%%%%%%%%%%%%%%%%%%%%%%%%%%%%%%%%%%%%%%%%%%%%%%%%%%%%%%

@article{arduino,
  title={The making of arduino},
  author={Kushner, David},
  journal={IEEE Spectrum},
  volume={26},
  year={2011}
}

@techreport{ericsson.mobility,
  title={Ericsson mobility report},
  author={Niklas Heuveldop},
  institution={Ericsson, AB},
  year={2017},
}

@techreport{bbb.manual,
  title={BeagleBone Black System Reference Manual},
  author={Coley, Gerald},
  institution={BeagleBoard.org},
  pages={108},
  year={2013}
}

@techreport{bbb.sitara,
  title={{AM335x SitaraTM} Processors Reference Manual},
  author={Venkateswaran, Sreekrishnan},
  institution={Texas Instruments},
  year={2014}
}

@article{adaptive,
 author = {Henkel, Joerg and Bauer, Lars},
 title = {What is Adaptive Computing?},
 journal = {SIGDA Newsl.},
 issue_date = {May 2010},
 volume = {40},
 number = {5},
 month = may,
 year = {2010},
 issn = {0163-5743},
 pages = {1--1},
 numpages = {1},
 url = {http://doi.acm.org/10.1145/1866966.1866967},
 doi = {10.1145/1866966.1866967},
 acmid = {1866967},
 publisher = {ACM},
 address = {New York, NY, USA},
}

@techreport{radio.nrf24l01,
  title={nRF24L01 Datasheet},
  institution={Nordic Semiconductor},
  year={2007}
}
%journal={2007]. http://www. nordicsemi. com/eng/Products/2.4 GHz-RF/nRF24L01},

@techreport{radio.rfm69hcw,
  title={RFM69HCW Datasheet},
  institution={HopeRF Electronic},
  year={2006}
}

