% CEU

@misc{ceu.rebls15,
    key       = "SantAnna15_2",
    title     = {Reactive Traversal of Recursive Data Types},
    author    = {Francisco Sant'Anna and others},
    howpublished = {Workshop on Reactive and Event-based Languages \& Systems (REBLS'15)},
    year      = {2015},
}

@inproceedings{ceu.mod15,
    key       = "SantAnna15_1",
    author    = {Francisco Sant'Anna and Noemi Rodriguez and Roberto Ierusalimschy},
    title     = {{S}tructured {S}ynchronous {R}eactive {P}rogramming with {C}\'eu},
    booktitle = {Proceedings of Modularity'15},
    year      = {2015},
}

@misc{ceu.rebls14,
    key       = "SantAnna14",
    title     = {Structured Reactive Programming with C\'eu},
    author    = {Francisco Sant'Anna and others},
    howpublished = {Workshop on Reactive and Event-based Languages \& Systems (REBLS'14)},
    year      = {2014},
}

@inproceedings{ceu.sensys13,
    key       = "SantAnna13_2",
    title     = {{S}afe {S}ystem-level {C}oncurrency on {R}esource-{C}onstrained {N}odes},
    author    = { Francisco Sant'Anna and Noemi Rodriguez and Roberto Ierusalimschy and Olaf Landsiedel and Philippas Tsigas },
    booktitle = {Proceedings of SenSys'13},
    year      = {2013},
    organization={ACM},
}

@misc{ceu.rem13,
    key       = "SantAnna13_1",
    title     = {Advanced Control Reactivity for Embedded Systems},
    author = {Francisco Sant'Anna and Noemi Rodriguez and Roberto Ierusalimschy},
    howpublished = {Workshop on Reactivity, Events and Modularity (REM'13)},
    year      = {2013},
}

@phdthesis{ceu.phd,
    key       = "SantAnna13_0",
    title     = {Safe System-level Concurrency on Resource-Constrained Nodes with C\'eu},
    author    = {Francisco Sant'Anna},
    school    = {{PUC--Rio}},
    year      = {2013},
}

@techreport{ceu.tr,
    author = {Francisco Sant'Anna and Noemi Rodriguez and Roberto Ierusalimschy},
    title  = {C\'eu: {E}mbedded, {S}afe, and {R}eactive {P}rogramming},
    institution = {PUC-Rio},
    year   = 2012,
    number = {12/12},
    issn = {0103-9741},
}
%note = {\url{ftp://ftp.inf.puc-rio.br/pub/docs/techreports/12_12_santanna.pdf}},

@misc{ceu.sensys11,
    author = {Francisco Sant'Anna},
    title  = {C\'eu: A Reactive Language for Wireless Sensor Networks},
    year   = 2011,
    howpublished = {\url{http://www.cse.ust.hk/~lingu/SenSys11DC/}},
}

@article{ceu.terra,
 author = {Branco, Adriano and Sant'anna, Francisco and Ierusalimschy, Roberto and Rodriguez, Noemi and Rossetto, Silvana},
 title = {Terra: Flexibility and Safety in Wireless Sensor Networks},
 journal = {ACM Trans. Sen. Netw.},
 issue_date = {September 2015},
 volume = {11},
 number = {4},
 month = sep,
 year = {2015},
 issn = {1550-4859},
 pages = {59:1--59:27},
 articleno = {59},
 numpages = {27},
 url = {http://doi.acm.org/10.1145/2811267},
 doi = {10.1145/2811267},
 acmid = {2811267},
 publisher = {ACM},
 address = {New York, NY, USA},
 keywords = {WSN, reactive programming, safety, virtual machine, wireless sensor networks},
} 

@inproceedings{ceu.media.webmedia16,
 author = {Rodrigo Santos and Guilherme Lima and Francisco Sant'Anna and Noemi Rodriguez},
 title = {{C}\'eu-{M}edia: {L}ocal {I}nter-{M}edia {S}ynchronization {U}sing {C}\'eu},
 booktitle = {Proceedings of WebMedia'16},
 year = {2016},
 isbn = {978-1-4503-4512-5},
 location = {Teresina, Piau\&\#237; State, Brazil},
 pages = {143--150},
 numpages = {8},
 url = {http://doi.acm.org/10.1145/2976796.2976856},
 doi = {10.1145/2976796.2976856},
 acmid = {2976856},
 publisher = {ACM},
 address = {New York, NY, USA},
 keywords = {C\'{E}U, C\'{E}U-MEDIA, inter-media synchronization, multimedia, synchronous hypothesis},
}
 %series = {Webmedia '16},

@article{ceu.tecs17,
 author = {Sant'anna, Francisco and Ierusalimschy, Roberto and Rodriguez, Noemi and Rossetto, Silvana and Branco, Adriano},
 title = {The Design and Implementation of the Synchronous Language C\'{E}U},
 journal = {ACM Trans. Embed. Comput. Syst.},
 issue_date = {August 2017},
 volume = {16},
 number = {4},
 month = jul,
 year = {2017},
 issn = {1539-9087},
 pages = {98:1--98:26},
 articleno = {98},
 numpages = {26},
 url = {http://doi.acm.org/10.1145/3035544},
 doi = {10.1145/3035544},
 acmid = {3035544},
 publisher = {ACM},
 address = {New York, NY, USA},
 keywords = {Concurrency, Esterel, determinism, embedded systems, reactivity, synchronous},
} 

% LUAGRAVITY

@inproceedings{luagravity.sblp,
    key       = "Sant'Anna09",
    author    = "Francisco Sant'Anna and Roberto Ierusalimschy",
    title     = "{L}ua{G}ravity, a {R}eactive {L}anguage {B}ased on {I}mplicit {I}nvocation",
    booktitle = {Proceedings of SBLP'09},
    year      = {2009},
    pages     = "89--102",
}

@mastersthesis{luagravity.msc,
    author = {Francisco Sant'Anna},
    title  = {A Synchronous Reactive Language based on Implicit Invocation},
    school = {PUC--Rio},
    year   = "2009",
    month  = "March",
}

@misc{luagravity.wordpress,
    title = {Video demonstrations of LuaGravity.},
    howpublished = {http://luagravity.wordpress.com/video-demonstrations/},
}

% NCLUA

@inproceedings{nclua.doceng,
    author    = {Luiz F. G. Soares and others},
    title     = "{R}elating {O}bjects with {I}mperative {C}ode and {O}bjects with {D}eclarative {C}ode through {NCL} {G}lue {L}anguage",
    booktitle = {DocEng},
    year      = {2009},
    publisher = {ACM},
}

@inbook{nclua.book,
    author    = "Francisco Sant'Anna and Carlos Salles",
    editor    = "Editora Campos",
    title     = "Programando em NCL 3.0",
    chapter   = "Programando com Objetos NCLua",
    chapter   = "18",
    year      = "2009",
}

@inbook{nclua.shortcourse,
    author = {Francisco Sant'Anna and others},
    editor = {Minicursos - SBC},
    title  = {Desenvolvimento de Aplicações Declarativas para TV Digital no 
              Middleware Ginga com Objetos Imperativos Lua},
    pages  = {40},
    year   = {2009},
}

@techreport{nclua.mono,
    author = {Francisco Sant'Anna, Luiz Fernando Gomes Soares,
              Renato Fontoura de Gusmão Cerqueira},
    title  = {NCL 3.0, Part 10---Imperative Objects in NCL:
              The NCLua Scripting Language},
    year   = 2008,
    institution = {PUC-Rio},
}

@inproceedings{nclua.webmedia,
    author    = "Francisco Sant'Anna and others",
    title     = {{NCL}ua - {O}bjetos {I}mperativos {L}ua na {L}inguagem {D}eclarativa {NCL}},
    booktitle = {WebMedia},
    year      = {2008},
    publisher = {ACM},
    note      = "In portuguese",
}

@TECHREPORT{ncl.abnt,
    author  = "{Norma ABNT NBR 15606-2:2007}",
    title   = "Digital terrestrial television---{D}ata coding and transmission
               specification for digital broadcasting---{P}art 2: Ginga-{NCL} for
               fixed and mobile receivers---{XML} application language for
               application coding",
    institution = "ABNT",
    year    = "2008",
}
%author  = "Luiz Fernando Gomes Soares and others",

@MISC{nclua.reference,
    title = "NCLua Reference",
    author = "Francisco Sant'Anna",
    howpublished = "http://www.telemidia.puc-rio.br/~francisco/nclua/reference",
}

@MISC{nclua.tutorial,
    title = "NCLua Tutorial",
    author = "Francisco Sant'Anna",
    howpublished = "http://www.telemidia.puc-rio.br/~francisco/nclua/tutorial",
}
