@Book{ standby.australia,
    author = { Australian Greenhouse Office },
    title = { Money isn't all you're saving: Australia's standby power strategy 2002--2012 },
    isbn = { 1876536764 },
    publisher = { Australian Greenhouse Office },
    pages = { 23 },
    year = { 2002 },
    type = { Book, Online },
    language = { English },
}

@TECHREPORT{iea.data,
    author = "{OECD/IEA}",
    title  = "More Data Less Energy---{M}aking Network Standby More Efficient in Billions of Connected Devices",
    institution = "International Energy Agency",
    year = "2014",
}

@TECHREPORT{ietf.eman,
    author      ={Tychon, Emmanuel and Schoening, Brad and Chandramouli, Mouli and Nordman, Bruce},
    title       = {Energy Management ({EMAN}) Applicability Statement},
    institution = {IETF},
    year        = {2011},
}
%journal={draft-tychon-eman-applicability-statement-04. txt, work in progress},

@article{energystar,
  title={Status and future directions of the {ENERGY STAR} program},
  author={Brown, Rich and Webber, Carrie and Koomey, Jonathan G},
  journal={Energy},
  volume={27},
  number={5},
  pages={505--520},
  year={2002},
  publisher={Elsevier}
}

@techreport{aceee.1,
    title={A defining framework for Intelligent efficiency},
    author={Elliott, R Neal and Molina, Maggie and Trombley, Dan},
    year={2012},
    number={E125},
    institution={American Council for an Energy-Efficient Economy ({ACEEE})},
}


@techreport{aceee.2,
    title={Intelligent efficiency: opportunities, barriers, and solutions},
    author={Rogers, Ethan A and Elliott, R Neal and Kwatra, Sameer and Trombley, Dan and Nadadur, Vasanth},
    institution={American Council for an Energy-Efficient Economy ({ACEEE})},
    number={E13J},
    year={2013},
}
